<record><leader>00000cas a22000007a 4500</leader><controlfield tag="001">12190576</controlfield><controlfield tag="008">850624c19339999njuwr ne      0    0eng d</controlfield><datafield ind1=" " ind2=" " tag="010"><subfield code="a">sn 85035560 </subfield></datafield><datafield ind1=" " ind2=" " tag="040"><subfield code="a">NPA</subfield><subfield code="b">eng</subfield><subfield code="c">NPA</subfield><subfield code="d">NJW</subfield><subfield code="d">NPA</subfield><subfield code="d">OCLCQ</subfield></datafield><datafield ind1=" " ind2=" " tag="042"><subfield code="a">msc</subfield></datafield><datafield ind1="0" ind2="0" tag="245"><subfield code="a">Delaware Valley news.</subfield></datafield><datafield ind1=" " ind2=" " tag="260"><subfield code="a">Frenchtown, N.J. :</subfield><subfield code="b">H. Seely Thomas,</subfield><subfield code="c">1933-</subfield></datafield><datafield ind1=" " ind2=" " tag="300"><subfield code="a">v. :</subfield><subfield code="b">ill. ;</subfield><subfield code="c">58 cm.</subfield></datafield><datafield ind1=" " ind2=" " tag="310"><subfield code="a">Weekly</subfield></datafield><datafield ind1="0" ind2=" " tag="362"><subfield code="a">54th yr., no. 29 (Oct. 27, 1933)-</subfield></datafield><datafield ind1=" " ind2=" " tag="530"><subfield code="a">Also issued on microfilm by Micro-Graphic Corp., Garfield, N.J.; New Jersey State Library, Dept. of Education.</subfield></datafield><datafield ind1=" " ind2=" " tag="752"><subfield code="a">United States</subfield><subfield code="b">New Jersey</subfield><subfield code="c">Hunterdon</subfield><subfield code="d">Frenchtown.</subfield></datafield><datafield ind1="0" ind2="0" tag="780"><subfield code="t">Delaware Valley news The Frenchtown star</subfield><subfield code="w">(DLC)sn 88071367</subfield><subfield code="w">(OCoLC)18489626</subfield></datafield><datafield ind1="0" ind2="5" tag="780"><subfield code="t">Milford leader</subfield><subfield code="w">(DLC)sn 85035559</subfield><subfield code="w">(OCoLC)12190584</subfield></datafield></record>